@online{wikipedia-random-walk,
  author  = {{Wikipedia contributors}},
  title   = {Random walk},
  year    = {2025},
  url     = {https://en.wikipedia.org/wiki/Random_walk},
  urldate = {2025-09-30},
  note    = {Accessed on 30 September 2025}
}

@article{joyner2016black,
  title={Black-scholes equation and heat equation},
  author={Joyner, Charles D},
  year={2016},
  journal={Honors College Theses},
  publisher={Georgia Southern University}
}

@article{paeng2015stochastic,
  title={Stochastic modeling of stock price process induced from the conjugate heat equation},
  author={Paeng and Seong-Hun},
  journal={Physica A: Statistical Mechanics and its Applications},
  volume={419},
  pages={385--394},
  year={2015},
  publisher={Elsevier}
}

@online{code-fractal-chaos,
  author  = {{SR}},
  title   = {Applying Chaos Theory to Financial Markets: A Python Perspective},
  year    = {2024},
  url     = {https://medium.com/@deepml1818/applying-chaos-theory-to-financial-markets-a-python-perspective-e11fe845e47b},
  urldate = {2025-09-30},
  note    = {Accessed on 30 September 2025}
}

@book{book_mandelbrot,
  author    = {Benoit Mandelbrot and  Richard L. Hudson},
  title     = {The Misbehavior of Markets: A Fractal View of Financial Turbulence },
  publisher = {Basic books},
  year      = {2006},
  isbn      = { 978-0465043576 }   
}

@online{lecture,
  author    = {Benoit Mandelbrot},
  title     = {Fractals in Science, Engineering and Finance (Roughness and Beauty)},
  year      = {2001},
  url       = {https://www.youtube.com/watch?v=ock9Gk_aqw4},
  note      = {Video lecture, Massachusetts Institute of Technology}
}

@article{procaccia,
  title={Measuring the Strangeness of Strange Attractors},
  author={Peter Grassberger and Itamar Procaccia},
  journal={Physica D: Nonlinear Phenomena},
  volume={9},
  pages={189--208},
  year={1983},
  publisher={Elsevier}
}